<record><leader>00000cas a2200000 a 4500</leader><controlfield tag="001">33073122</controlfield><controlfield tag="007">hd bfu---baat</controlfield><controlfield tag="007">hd afu---bact</controlfield><controlfield tag="008">950901d19uu1928nbuwr nea     0    0eng d</controlfield><datafield ind1=" " ind2=" " tag="010"><subfield code="a">sn 95070341 </subfield></datafield><datafield ind1=" " ind2=" " tag="040"><subfield code="a">NVG</subfield><subfield code="b">eng</subfield><subfield code="c">NVG</subfield><subfield code="d">OCL</subfield><subfield code="d">OCLCQ</subfield><subfield code="d">OCLCF</subfield><subfield code="d">OCLCO</subfield><subfield code="d">OCLCQ</subfield></datafield><datafield ind1=" " ind2=" " tag="042"><subfield code="a">msc</subfield></datafield><datafield ind1=" " ind2=" " tag="043"><subfield code="a">n-us-nb</subfield></datafield><datafield ind1="0" ind2=" " tag="130"><subfield code="a">Thomas County herald (Thedford, Neb. : 1910)</subfield></datafield><datafield ind1="1" ind2="0" tag="245"><subfield code="a">Thomas County herald.</subfield></datafield><datafield ind1=" " ind2=" " tag="260"><subfield code="a">Thedford, Neb. :</subfield><subfield code="b">Ross H. Welton,</subfield><subfield code="c">-1928.</subfield></datafield><datafield ind1=" " ind2=" " tag="300"><subfield code="a">volumes</subfield></datafield><datafield ind1=" " ind2=" " tag="310"><subfield code="a">Weekly</subfield></datafield><datafield ind1=" " ind2=" " tag="336"><subfield code="a">text</subfield><subfield code="b">txt</subfield><subfield code="2">rdacontent</subfield></datafield><datafield ind1=" " ind2=" " tag="337"><subfield code="a">microform</subfield><subfield code="b">h</subfield><subfield code="2">rdamedia</subfield></datafield><datafield ind1=" " ind2=" " tag="338"><subfield code="a">microfilm reel</subfield><subfield code="b">hd</subfield><subfield code="2">rdacarrier</subfield></datafield><datafield ind1="0" ind2=" " tag="362"><subfield code="a">-v. 41, no. 17 (Sept. 20, 1928).</subfield></datafield><datafield ind1=" " ind2=" " tag="580"><subfield code="a">Merged with: Thomas County clipper (Seneca: 1914), to form: Thomas County herald and Thomas County clipper.</subfield></datafield><datafield ind1=" " ind2=" " tag="588"><subfield code="a">Description based on: Vol. 12, no. 39 (Feb. 4, 1910).</subfield></datafield><datafield ind1=" " ind2=" " tag="533"><subfield code="a">Microfilm.</subfield><subfield code="m">1910-1928:[Gaps]</subfield><subfield code="b">[Lincoln, Neb. :</subfield><subfield code="c">Nebraska State Historical Society,</subfield><subfield code="d">1974-1986].</subfield><subfield code="e">7 microfilm reels ; 35 mm.</subfield></datafield><datafield ind1=" " ind2="0" tag="651"><subfield code="a">Thomas County (Neb.)</subfield><subfield code="v">Newspapers.</subfield></datafield><datafield ind1=" " ind2="7" tag="651"><subfield code="a">Nebraska</subfield><subfield code="z">Thomas County.</subfield><subfield code="2">fast</subfield><subfield code="0">(OCoLC)fst01251661</subfield></datafield><datafield ind1=" " ind2="7" tag="655"><subfield code="a">Newspapers.</subfield><subfield code="2">fast</subfield><subfield code="0">(OCoLC)fst01423814</subfield></datafield><datafield ind1=" " ind2=" " tag="752"><subfield code="a">United States</subfield><subfield code="b">Nebraska</subfield><subfield code="c">Thomas</subfield><subfield code="d">Thedford.</subfield></datafield><datafield ind1="0" ind2="0" tag="780"><subfield code="t">Mid-republic stockman</subfield><subfield code="w">(DLC)sn 98067323</subfield><subfield code="w">(OCoLC)39954513</subfield></datafield><datafield ind1="1" ind2="7" tag="785"><subfield code="t">Thomas County clipper (Seneca: 1914)</subfield><subfield code="w">(DLC)sn 95070352</subfield></datafield><datafield ind1="1" ind2="7" tag="785"><subfield code="t">Thomas County herald and Thomas County clipper</subfield><subfield code="w">(DLC)sn 95070342</subfield></datafield><datafield ind1="1" ind2=" " tag="029"><subfield code="a">AU@</subfield><subfield code="b">000011994278</subfield></datafield></record>